@book{murphy,
  author = {Kevin P. Murphy},
  title = {{Machine Learning, A Probabilistic Perspective}},
  publisher = {MIT Press},
  year = 2012,
  address = {Cambridge, MA},
  isbn = {9780262018029}
}
